@inproceedings{mmh,
  title={MMH: Software message authentication in the Gbit/second rates},
  author={Halevi, Shai and Krawczyk, Hugo},
  booktitle={Fast Software Encryption},
  pages={172--189},
  year={1997},
  organization={Springer}
}
